<record><leader>00000cas a2200000 a 4500</leader><controlfield tag="001">38201757</controlfield><controlfield tag="008">980114d19121925oruwr ne      0   a0eng c</controlfield><datafield ind1=" " ind2=" " tag="010"><subfield code="a">sn 97071038 </subfield></datafield><datafield ind1=" " ind2=" " tag="040"><subfield code="a">OCN</subfield><subfield code="b">eng</subfield><subfield code="c">OCN</subfield><subfield code="d">OCLCQ</subfield><subfield code="d">OCLCF</subfield><subfield code="d">OCLCO</subfield><subfield code="d">DLC</subfield></datafield><datafield ind1="0" ind2=" " tag="022"><subfield code="a">2379-3228</subfield><subfield code="2">1</subfield></datafield><datafield ind1=" " ind2=" " tag="042"><subfield code="a">pcc</subfield><subfield code="a">nsdp</subfield></datafield><datafield ind1=" " ind2=" " tag="043"><subfield code="a">n-us-or</subfield></datafield><datafield ind1="0" ind2="0" tag="050"><subfield code="a">Newspaper</subfield></datafield><datafield ind1="0" ind2="0" tag="082"><subfield code="a">071</subfield><subfield code="2">23</subfield></datafield><datafield ind1="0" ind2=" " tag="130"><subfield code="a">Gazette-times (Heppner, Or.)</subfield></datafield><datafield ind1=" " ind2="4" tag="222"><subfield code="a">The gazette-times</subfield><subfield code="b">(Heppner, Or. Print)</subfield></datafield><datafield ind1="1" ind2="4" tag="245"><subfield code="a">The gazette-times.</subfield></datafield><datafield ind1=" " ind2=" " tag="260"><subfield code="a">Heppner, Or. :</subfield><subfield code="b">V. Crawford,</subfield><subfield code="c">1912-1925.</subfield></datafield><datafield ind1=" " ind2=" " tag="300"><subfield code="a">v.</subfield></datafield><datafield ind1=" " ind2=" " tag="310"><subfield code="a">Weekly</subfield></datafield><datafield ind1="0" ind2=" " tag="362"><subfield code="a">Vol. 28, no. 48 (Feb. 22, 1912)-v. 42, no. 41 (Oct. 29, 1925).</subfield></datafield><datafield ind1=" " ind2=" " tag="530"><subfield code="a">Also issued on microfilm from University of Oregon.</subfield></datafield><datafield ind1=" " ind2=" " tag="530"><subfield code="a">Archived issues are available in digital format from the Library of Congress Chronicling America online collection.</subfield></datafield><datafield ind1=" " ind2="0" tag="651"><subfield code="a">Heppner (Or.)</subfield><subfield code="v">Newspapers.</subfield></datafield><datafield ind1=" " ind2="0" tag="651"><subfield code="a">Morrow County (Or.)</subfield><subfield code="v">Newspapers.</subfield></datafield><datafield ind1=" " ind2="7" tag="651"><subfield code="a">Oregon</subfield><subfield code="z">Heppner.</subfield><subfield code="2">fast</subfield><subfield code="0">(OCoLC)fst01211660</subfield></datafield><datafield ind1=" " ind2="7" tag="651"><subfield code="a">Oregon</subfield><subfield code="z">Morrow County.</subfield><subfield code="2">fast</subfield><subfield code="0">(OCoLC)fst01222347</subfield></datafield><datafield ind1=" " ind2="7" tag="655"><subfield code="a">Newspapers.</subfield><subfield code="2">fast</subfield><subfield code="0">(OCoLC)fst01423814</subfield></datafield><datafield ind1=" " ind2=" " tag="752"><subfield code="a">United States</subfield><subfield code="b">Oregon</subfield><subfield code="c">Morrow</subfield><subfield code="d">Heppner.</subfield></datafield><datafield ind1="0" ind2="8" tag="776"><subfield code="i">Online version:</subfield><subfield code="t">Gazette-times (Heppner, Or.)</subfield><subfield code="x">2379-3236</subfield><subfield code="w">(DLC)  2015218774</subfield><subfield code="w">(OCoLC)909591350</subfield></datafield><datafield ind1="0" ind2="4" tag="780"><subfield code="t">Heppner gazette (Heppner, Or.)</subfield><subfield code="x">2379-3260</subfield><subfield code="w">(DLC)sn 94049698</subfield><subfield code="w">(OCoLC)30622469</subfield></datafield><datafield ind1="0" ind2="4" tag="780"><subfield code="t">Heppner times</subfield><subfield code="w">(DLC)sn 97071040</subfield><subfield code="w">(OCoLC)38201747</subfield></datafield><datafield ind1="0" ind2="5" tag="780"><subfield code="t">Heppner herald</subfield><subfield code="w">(DLC)sn 97071037</subfield><subfield code="w">(OCoLC)38201701</subfield></datafield><datafield ind1="0" ind2="0" tag="785"><subfield code="t">Heppner gazette-times</subfield><subfield code="w">(DLC)sn 97071042</subfield><subfield code="w">(OCoLC)30721874</subfield></datafield><datafield ind1="4" ind2="1" tag="856"><subfield code="u">http://www.loc.gov/chroniclingamerica/lccn/sn97071038/issues</subfield></datafield><datafield ind1="1" ind2=" " tag="029"><subfield code="a">AU@</subfield><subfield code="b">000013708406</subfield></datafield></record>